<record><leader>00000cas a22000007a 4500</leader><controlfield tag="001">22350350</controlfield><controlfield tag="008">900910d193019uumouuu ne      0    0eng d</controlfield><datafield ind1=" " ind2=" " tag="010"><subfield code="a">sn 90073072 </subfield></datafield><datafield ind1=" " ind2=" " tag="040"><subfield code="a">MQN</subfield><subfield code="b">eng</subfield><subfield code="c">MQN</subfield><subfield code="d">OCLCQ</subfield></datafield><datafield ind1=" " ind2=" " tag="042"><subfield code="a">msc</subfield></datafield><datafield ind1="0" ind2=" " tag="130"><subfield code="a">Webster County times (Niangua, Mo.)</subfield></datafield><datafield ind1="1" ind2="0" tag="245"><subfield code="a">Webster County times.</subfield></datafield><datafield ind1=" " ind2=" " tag="260"><subfield code="a">Niangua, Webster County, Mo. :</subfield><subfield code="b">W.K. Poston</subfield></datafield><datafield ind1=" " ind2=" " tag="300"><subfield code="a">v.</subfield></datafield><datafield ind1="1" ind2=" " tag="362"><subfield code="a">Began in 1930.</subfield></datafield><datafield ind1=" " ind2=" " tag="588"><subfield code="a">Description based on: Vol. 1, no. 3 (July 3, 1930).</subfield></datafield><datafield ind1=" " ind2="4" tag="651"><subfield code="a">Webster County (Mo.)</subfield><subfield code="v">Newspapers.</subfield></datafield><datafield ind1=" " ind2="4" tag="651"><subfield code="a">Niangua (Mo.)</subfield><subfield code="v">Newspapers.</subfield></datafield><datafield ind1=" " ind2=" " tag="752"><subfield code="a">United States</subfield><subfield code="b">Missouri</subfield><subfield code="c">Webster</subfield><subfield code="d">Niangua.</subfield></datafield><datafield ind1="1" ind2=" " tag="029"><subfield code="a">AU@</subfield><subfield code="b">000025882263</subfield></datafield></record>